<?xml version="1.0" encoding="UTF-8"?><record xmlns="http://www.loc.gov/MARC21/slim" xmlns:cinclude="http://apache.org/cocoon/include/1.0" xmlns:zs="http://www.loc.gov/zing/srw/">
  <leader>00778nz  a2200181n  4500</leader>
  <controlfield tag="001">no2015080190</controlfield>
  <controlfield tag="003">DLC</controlfield>
  <controlfield tag="005">20150618073552.0</controlfield>
  <controlfield tag="008">150617n| azannaabn          |b aaa     c</controlfield>
  <datafield tag="010" ind1=" " ind2=" ">
    <subfield code="a">no2015080190</subfield>
  </datafield>
  <datafield tag="035" ind1=" " ind2=" ">
    <subfield code="a">(OCoLC)oca10195297</subfield>
  </datafield>
  <datafield tag="040" ind1=" " ind2=" ">
    <subfield code="a">PPiU</subfield>
    <subfield code="b">eng</subfield>
    <subfield code="e">rda</subfield>
    <subfield code="c">PPiU</subfield>
  </datafield>
  <datafield tag="100" ind1="1" ind2=" ">
    <subfield code="a">Sadykova, Gulzat Ėrkinbaevna</subfield>
  </datafield>
  <datafield tag="400" ind1="1" ind2=" ">
    <subfield code="a">Садыкова, Гулзат Эркинбаевна</subfield>
  </datafield>
  <datafield tag="400" ind1="1" ind2=" ">
    <subfield code="a">Sadykova, G. E.</subfield>
    <subfield code="q">(Gulzat Ėrkinbaevna)</subfield>
  </datafield>
  <datafield tag="400" ind1="1" ind2=" ">
    <subfield code="a">Садыкова, Г. Е.</subfield>
    <subfield code="q">(Гулзат Эркинбаевна)</subfield>
  </datafield>
  <datafield tag="667" ind1=" " ind2=" ">
    <subfield code="a">Non-Latin script reference not evaluated.</subfield>
  </datafield>
  <datafield tag="670" ind1=" " ind2=" ">
    <subfield code="a">Simvoly v kyrgyzskoĭ kulʹtury, 2014:</subfield>
    <subfield code="b">title page (Гулзат Эркинбаевна Садыкова = Sadykova Gulzat Ėrkinbaevna) title page verso (Садыкова Г. Е. = Sadykova G. E.)</subfield>
  </datafield>
</record>